@article{Law2014,
   doi = {10.1093/nar/gkt1068},
   issn = {03051048},
   issue = {D1},
   journal = {Nucleic Acids Research},
   month = {1},
   pmid = {24203711},
   title = {DrugBank 4.0: Shedding new light on drug metabolism},
   volume = {42},
   year = {2014},
}
@misc{Wienkers2005,
   author = {Larry C. Wienkers and Timothy G. Heath},
   doi = {10.1038/nrd1851},
   issn = {14741776},
   issue = {10},
   journal = {Nature Reviews Drug Discovery},
   month = {10},
   pages = {825-833},
   pmid = {16224454},
   title = {Predicting in vivo drug interactions from in vitro drug discovery data},
   volume = {4},
   year = {2005},
}

@article{Leape1995,
   author = {L. L. Leape},
   doi = {10.1001/jama.274.1.35},
   issn = {00987484},
   issue = {1},
   journal = {JAMA: The Journal of the American Medical Association},
   month = {7},
   pages = {35-43},
   pmid = {7791256},
   publisher = {American Medical Association (AMA)},
   title = {Systems analysis of adverse drug events. ADE Prevention Study Group},
   volume = {274},
   year = {1995},
}
@article {PMID:28232141,
	title = {Pharmacokinetic drug-drug interaction between erlotinib and paracetamol: A potential risk for clinical practice},
	Author = {Karbownik, Agnieszka and Szałek, Edyta and Sobańska, Katarzyna and Grabowski, Tomasz and Wolc, Anna and Grześkowiak, Edmund},
	dio = {10.1016/j.ejps.2017.02.028},
	volume = {102},
	month = {May},
	year = {2017},
	journal = {European journal of pharmaceutical sciences : official journal of the European Federation for Pharmaceutical Sciences},
	issn = {0928-0987},
	pages = {55—62},
	url = {https://doi.org/10.1016/j.ejps.2017.02.028},
}
@article{Mulroy2017,
   author = {Eoin Mulroy and John Highton and Sarah Jordan},
   issn = {1175-8716},
   journal = {NZMJ},
   pages = {1450},
   title = {Giant cell arteritis treatment failure resulting from probable steroid/ antiepileptic drug-drug interaction},
   volume = {130},
   url = {www.nzma.org.nz/journal},
   year = {2017},
}

@article {PMID:22219721,
	title = {Prediction of drug combinations by integrating molecular and pharmacological data},
	author = {Zhao, Xing-Ming and Iskar, Murat and Iskar, Murat and Zeller, Georg and Kuhn, Michael and van Noort, Vera and Bork, Peer},
	dio = {10.1371/journal.pcbi.1002323},
	number = {12},
	volume = {7},
	month = {December},
	year = {2011},
	journal = {PLoS computational biology},
	issn = {1553-734X},
	pages = {e1002323},
	url = {https://europepmc.org/articles/PMC3248384},
}

@article{Veith2009,
   doi = {10.1038/nbt.1581},
   issn = {10870156},
   issue = {11},
   journal = {Nature Biotechnology},
   month = {11},
   pages = {1050-1055},
   pmid = {19855396},
   title = {Comprehensive characterization of cytochrome P450 isozyme selectivity across chemical libraries},
   volume = {27},
   year = {2009},
}

@misc{Huang2007,
   author = {S. M. Huang and R. Temple and D. C. Throckmorton and L. J. Lesko},
   doi = {10.1038/sj.clpt.6100054},
   issn = {00099236},
   issue = {2},
   journal = {Clinical Pharmacology and Therapeutics},
   month = {2},
   pages = {298-304},
   pmid = {17259955},
   title = {Drug interaction studies: Study design, data analysis, and implications for dosing and labeling},
   volume = {81},
   year = {2007},
}

@article{Zhang2015,
   author = {Ping Zhang and Fei Wang and Jianying Hu and Robert Sorrentino},
   doi = {10.1038/srep12339},
   issn = {20452322},
   journal = {Scientific Reports},
   month = {7},
   pmid = {26196247},
   publisher = {Nature Publishing Group},
   title = {Label Propagation Prediction of Drug-Drug Interactions Based on Clinical Side Effects},
   volume = {5},
   year = {2015},
}

@inproceedings{Karim2019,
   author = {Md Rezaul Karim and Michael Cochez and Joao Bosco Jares and Mamtaz Uddin and Oya Beyan and Stefan Decker},
   doi = {10.1145/3307339.3342161},
   isbn = {9781450366663},
   journal = {ACM-BCB 2019 - Proceedings of the 10th ACM International Conference on Bioinformatics, Computational Biology and Health Informatics},
   keywords = {Conv-LSTM network,Drug-drug interactions,Graph embeddings,Knowledge graphs,Linked data,Model averaging ensemble},
   month = {9},
   pages = {113-123},
   publisher = {Association for Computing Machinery, Inc},
   title = {Drug-drug interaction prediction based on knowledge graph embeddings and convolutional-LSTM network},
   year = {2019},
}

@misc{Barbara2016,
   author = {Barbara Wiśniowska and Sebastian Polak},
   doi = {10.1007/s40495-016-0075-9},
   issn = {2198641X},
   issue = {6},
   journal = {Current Pharmacology Reports},
   keywords = {Bliss,Clinical trial simulations,Drug interactions,Loewe,PBPK models,QT interval},
   month = {12},
   pages = {339-344},
   publisher = {Springer International Publishing},
   title = {The Role of Interaction Model in Simulation of Drug Interactions and QT Prolongation},
   volume = {2},
   year = {2016},
}

@article{Zhou2016,
   author = {D. Zhou and K. Bui and M. Sostek and N. Al-Huniti},
   doi = {10.1002/psp4.12070},
   issn = {21638306},
   issue = {5},
   journal = {CPT: Pharmacometrics and Systems Pharmacology},
   month = {5},
   pages = {250-257},
   pmid = {27299937},
   publisher = {Nature Publishing Group},
   title = {Simulation and prediction of the drug-drug interaction potential of naloxegol by physiologically based pharmacokinetic modeling},
   volume = {5},
   year = {2016},
}

@article{Bui2014,
   author = {Quoc Chinh Bui and Peter M.A. Sloot and Erik M. Van Mulligen and Jan A. Kors},
   doi = {10.1093/bioinformatics/btu557},
   issn = {14602059},
   issue = {23},
   journal = {Bioinformatics},
   month = {12},
   pages = {3365-3371},
   pmid = {25143286},
   publisher = {Oxford University Press},
   title = {A novel feature-based approach to extract drug-drug interactions from biomedical text},
   volume = {30},
   year = {2014},
}

@article{Zhang2016le,
   author = {Yaoyun Zhang and Heng Yi Wu and Jun Xu and Jingqi Wang and Ergin Soysal and Lang Li and Hua Xu},
   doi = {10.1186/s12918-016-0311-2},
   issn = {17520509},
   journal = {BMC Systems Biology},
   month = {8},
   pmid = {27585838},
   publisher = {BioMed Central Ltd.},
   title = {Leveraging syntactic and semantic graph kernels to extract pharmacokinetic drug drug interactions from biomedical literature},
   volume = {10},
   year = {2016},
}

@article{Yamanishi2008,
   author = {Yoshihiro Yamanishi and Michihiro Araki and Alex Gutteridge and Wataru Honda and Minoru Kanehisa},
   doi = {10.1093/bioinformatics/btn162},
   issn = {13674811},
   issue = {13},
   journal = {Bioinformatics},
   pmid = {18586719},
   publisher = {Oxford University Press},
   title = {Prediction of drug-target interaction networks from the integration of chemical and genomic spaces},
   volume = {24},
   year = {2008},
}

@misc{Vilar2014,
   author = {Santiago Vilar and Eugenio Uriarte and Lourdes Santana and Tal Lorberbaum and George Hripcsak and Carol Friedman and Nicholas P. Tatonetti},
   doi = {10.1038/nprot.2014.151},
   issn = {17502799},
   issue = {9},
   journal = {Nature Protocols},
   pages = {2147-2163},
   pmid = {25122524},
   publisher = {Nature Publishing Group},
   title = {Similarity-based modeling in large-scale prediction of drug-drug interactions},
   volume = {9},
   year = {2014},
}

@article{Cheng2014,
   author = {Feixiong Cheng and Zhongming Zhao},
   doi = {10.1136/amiajnl-2013-002512},
   issn = {1527974X},
   issue = {e2},
   journal = {Journal of the American Medical Informatics Association : JAMIA},
   pmid = {24644270},
   title = {Machine learning-based prediction of drug-drug interactions by integrating drug phenotypic, therapeutic, chemical, and genomic properties.},
   volume = {21},
   year = {2014},
}

@article{Pahikkala2015,
   author = {Tapio Pahikkala and Antti Airola and Sami Pietilä and Sushil Shakyawar and Agnieszka Szwajda and Jing Tang and Tero Aittokallio},
   doi = {10.1093/bib/bbu010},
   issn = {14774054},
   issue = {2},
   journal = {Briefings in Bioinformatics},
   keywords = {Drug-target interaction,Kinase bioactivity assays,Nested cross-validation,Predictive modeling,Supervisedmachine learning},
   month = {3},
   pages = {325-337},
   pmid = {24723570},
   publisher = {Oxford University Press},
   title = {Toward more realistic drug-target interaction predictions},
   volume = {16},
   year = {2015},
}

@article{Luo2014,
   author = {Heng Luo and Ping Zhang and Hui Huang and Jialiang Huang and Emily Kao and Leming Shi and Lin He and Lun Yang},
   doi = {10.1093/nar/gku433},
   issn = {13624962},
   issue = {W1},
   journal = {Nucleic Acids Research},
   month = {7},
   pmid = {24875476},
   publisher = {Oxford University Press},
   title = {DDI-CPI, a server that predicts drug-drug interactions through implementing the chemical-protein interactome},
   volume = {42},
   year = {2014},
}

@inproceedings{ShiHLLZY17,
  title = {Predicting Comprehensive Drug-Drug Interactions for New Drugs via Triple Matrix Factorization},
  author = {Jian-Yu Shi and Hua Huang and Jia-Xin Li and Peng Lei and Yan-ning Zhang and Siu-Ming Yiu},
  year = {2017},
  doi = {10.1007/978-3-319-56148-6_9},
  url = {http://dx.doi.org/10.1007/978-3-319-56148-6_9},
  researchr = {https://researchr.org/publication/ShiHLLZY17},
  cites = {0},
  citedby = {0},
  pages = {108-117},
  booktitle = {Bioinformatics and Biomedical Engineering - 5th International Work-Conference, IWBBIO 2017, Granada, Spain, April 26-28, 2017, Proceedings, Part I},
  editor = {Ignacio Rojas and Francisco M. Ortuño Guzman},
  volume = {10208},
  series = {Lecture Notes in Computer Science},
  isbn = {978-3-319-56148-6},
}

@article{shengyu2016,
    author ={Shengyu Liu, Kai Chen, et. al},
    title = {Dependency-based convolutional neural
network for drug-drug interaction extraction },
    journal = {Proceedings, 2016 IEEE International Conference on Bioinformatics and Biomedicine: Dec 15-18, 2016, Shenzhen, China},
    year = {2016}
}

@article{Ryu2018,
   author = {Jae Yong Ryu and Hyun Uk Kim and Sang Yup Lee},
   doi = {10.1073/pnas.1803294115},
   issn = {10916490},
   issue = {18},
   journal = {Proceedings of the National Academy of Sciences of the United States of America},
   keywords = {Deep learning,DeepDDI,Drug–drug,Drug–food interactions,Interactions,Structural similarity profile},
   month = {5},
   pages = {E4304-E4311},
   pmid = {29666228},
   publisher = {National Academy of Sciences},
   title = {Deep learning improves prediction of drug–drug and drug–food interactions},
   volume = {115},
   year = {2018},
}

@article{Wang2014,
   author = {Bo Wang and Aziz M. Mezlini and Feyyaz Demir and Marc Fiume and Zhuowen Tu, et. al},
   doi = {10.1038/nmeth.2810},
   issn = {15487105},
   issue = {3},
   journal = {Nature Methods},
   pages = {333-337},
   pmid = {24464287},
   publisher = {Nature Publishing Group},
   title = {Similarity network fusion for aggregating data types on a genomic scale},
   volume = {11},
   year = {2014},
}

@article{lesly2018,
   author = {Lesly Alejandra Gonzalez Camacho and Solange Nice Alves-Souza},
   doi = {10.1016/j.ipm.2018.03.004},
   issn = {03064573},
   issue = {4},
   journal = {Information Processing and Management},
   keywords = {Cold start,Collaborative filtering,Recommender system,Social network,Systematic literature review},
   month = {7},
   pages = {529-544},
   publisher = {Elsevier Ltd},
   title = {Social network data to alleviate cold-start in recommender system: A systematic review},
   volume = {54},
   year = {2018},
}

@article{Shi2019,
   author = {Jian Yu Shi and Kui Tao Mao and Hui Yu and Siu Ming Yiu},
   doi = {10.1186/s13321-019-0352-9},
   issn = {17582946},
   issue = {1},
   journal = {Journal of Cheminformatics},
   keywords = {Community,Drug–drug interaction,Regularization,Semi-nonnegative matrix factorization,Weak balance theory},
   publisher = {BioMed Central Ltd.},
   title = {Detecting drug communities and predicting comprehensive drug–drug interactions via balance regularized semi-nonnegative matrix factorization},
   volume = {11},
   year = {2019},
}

@article{Yu2018,
   author = {Hui Yu and Kui Tao Mao and Jian Yu Shi and Hua Huang and Zhi Chen, et. al},
   doi = {10.1186/s12918-018-0532-7},
   issn = {17520509},
   journal = {BMC Systems Biology},
   keywords = {Balance theory,Drug-drug interaction,Network community,Nonnegative matrix factorization,Regression},
   month = {4},
   pmid = {29671393},
   publisher = {BioMed Central Ltd.},
   title = {Predicting and understanding comprehensive drug-drug interactions via semi-nonnegative matrix factorization},
   volume = {12},
   year = {2018},
}

@article{Shi2018,
   author = {Jian Yu Shi and Hua Huang and Jia Xin Li and Peng Lei and Yan Ning Zhang and Kai Dong and Siu Ming Yiu},
   doi = {10.1186/s12859-018-2379-8},
   issn = {14712105},
   journal = {BMC Bioinformatics},
   keywords = {Drug-drug interaction,Matrix factorization,Prediction,Regression,Side effects},
   month = {11},
   pmid = {30453924},
   publisher = {BioMed Central Ltd.},
   title = {TMFUF: A triple matrix factorization-based unified framework for predicting comprehensive drug-drug interactions of new drugs},
   volume = {19},
   year = {2018},
}

@misc{Cokol2017,
   author = {Murat Cokol and Nurdan Kuru and Ece Bicak and Jonah Larkins-Ford and Bree B Aldridge},
   title = {Efficient measurement and factorization of high-order drug interactions in Mycobacterium tuberculosis},
   year = {2017},
}

@article{Olayan2018,
   author = {Rawan S. Olayan and Haitham Ashoor and Vladimir B. Bajic},
   doi = {10.1093/bioinformatics/btx731},
   issn = {14602059},
   issue = {7},
   journal = {Bioinformatics},
   month = {4},
   pages = {1164-1173},
   pmid = {29186331},
   publisher = {Oxford University Press},
   title = {DDR: Efficient computational method to predict drug-Target interactions using graph mining and machine learning approaches},
   volume = {34},
   year = {2018},
}

@article{Tian2017,
   author = {Zhen Tian and Maozu Guo and Chunyu Wang and Lin Lin Xing and Lei Wang and Yin Zhang},
   doi = {10.1186/s13326-017-0141-1},
   issn = {20411480},
   journal = {Journal of Biomedical Semantics},
   keywords = {Disease gene identification,Gene Ontology,Gene similarity networks,Similarity network fusion},
   month = {9},
   pmid = {29297379},
   publisher = {BioMed Central Ltd.},
   title = {Constructing an integrated gene similarity network for the identification of disease genes},
   volume = {8},
   year = {2017},
}

@article{Kim2016,
   author = {Yoo Ah Kim and Dong Yeon Cho and Teresa M. Przytycka},
   doi = {10.1371/journal.pcbi.1004747},
   issn = {15537358},
   issue = {3},
   journal = {PLoS Computational Biology},
   month = {3},
   pmid = {26963104},
   publisher = {Public Library of Science},
   title = {Understanding Genotype-Phenotype Effects in Cancer via Network Approaches},
   volume = {12},
   year = {2016},
}

@article{Wang2016,
   author = {Yiheng Wang and Tong Liu and Dong Xu and Huidong Shi and Chaoyang Zhang and Yin Yuan Mo and Zheng Wang},
   doi = {10.1038/srep19598},
   issn = {20452322},
   journal = {Scientific Reports},
   month = {1},
   pmid = {26797014},
   publisher = {Nature Publishing Group},
   title = {Predicting DNA Methylation State of CpG Dinucleotide Using Genome Topological Features and Deep Networks},
   volume = {6},
   year = {2016},
}

@article{HUANG2009,
   author = {Qian Ru HUANG and Feng HU and Shan HUANG and Hui Xin LI and Ying Hong YUAN and Gen Xing PAN and Wei Jian ZHANG},
   doi = {10.1016/S1002-0160(09)60168-5},
   issn = {10020160},
   issue = {6},
   journal = {Pedosphere},
   keywords = {chemical fertilizers,double rice cropping system,organic manure},
   pages = {727-734},
   publisher = {Soil Science Society of China},
   title = {Effect of Long-Term Fertilization on Organic Carbon and Nitrogen in a Subtropical Paddy Soil},
   volume = {19},
   year = {2009},
}

@article{Fu2017,
   author = {Laiyi Fu and Qinke Peng},
   doi = {10.1038/s41598-017-15235-6},
   issn = {20452322},
   issue = {1},
   journal = {Scientific Reports},
   month = {12},
   pmid = {29101378},
   publisher = {Nature Publishing Group},
   title = {A deep ensemble model to predict miRNA-disease association},
   volume = {7},
   year = {2017},
}

@article{Pan2016,
   author = {Xiaoyong Pan and Yong Xian Fan and Junchi Yan and Hong Bin Shen},
   doi = {10.1186/s12864-016-2931-8},
   issn = {14712164},
   issue = {1},
   journal = {BMC Genomics},
   keywords = {Deep learning,NcRNA,NcRNA-protein,Stacked ensembing},
   month = {8},
   pmid = {27506469},
   publisher = {BioMed Central Ltd.},
   title = {IPMiner: Hidden ncRNA-protein interaction sequential pattern mining with stacked autoencoder for accurate computational prediction},
   volume = {17},
   year = {2016},
}

@article{Tatonetti2012,
   author = {Nicholas P. Tatonetti and Patrick P. Ye and Roxana Daneshjou and Russ B. Altman},
   doi = {10.1126/scitranslmed.3003377},
   issn = {19466234},
   issue = {125},
   journal = {Science Translational Medicine},
   month = {3},
   pmid = {22422992},
   title = {Data-driven prediction of drug effects and interactions},
   volume = {4},
   year = {2012},
}

@article{jan1981,
    author ={Koch-Weser, Jan} ,
    title = {Serum Drug Concentrations in Clinical Perspective},
    journal ={Therapeutic Drug Monitoring} ,
    year = {1981}
}

@article{zhang2016,
    author ={Wen Zhang, Yanlin Chen, Shikui Tu et. al} ,
    title ={Drug side effect prediction through linear neighborhoods and multiple data source integration},
    journal ={IEEE International Conference on Bioinformatics and Biomedicine (BIBM)
} ,
    year = {2016}
}

@article{Zhang2018,
   author = {Wen Zhang and Yanlin Chen and Dingfang Li and Xiang Yue},
   doi = {10.1016/j.jbi.2018.11.005},
   issn = {15320464},
   journal = {Journal of Biomedical Informatics},
   keywords = {Drug-drug interaction prediction,Manifold regularization,Matrix completion},
   month = {12},
   pages = {90-97},
   pmid = {30445219},
   publisher = {Academic Press Inc.},
   title = {Manifold regularized matrix factorization for drug-drug interaction prediction},
   volume = {88},
   year = {2018},
}

@article{nair2010,
   author = {Vinod Nair and Geoffrey E Hinton},
   title = {Rectified Linear Units Improve Restricted Boltzmann Machines},
year={2010}
}

@article{Hinton2012,
   doi = {10.1109/MSP.2012.2205597},
   issn = {10535888},
   issue = {6},
   journal = {IEEE Signal Processing Magazine},
   pages = {82-97},
   publisher = {Institute of Electrical and Electronics Engineers Inc.},
   title = {Deep neural networks for acoustic modeling in speech recognition: The shared views of four research groups},
   volume = {29},
   year = {2012},
}

@misc{Srivastava2014,
   author = {Nitish Srivastava and Geoffrey Hinton and Alex Krizhevsky and Ruslan Salakhutdinov},
   journal = {Journal of Machine Learning Research},
   keywords = {deep learning,model combination,neural networks,regularization},
   pages = {1929-1958},
   title = {Dropout: A Simple Way to Prevent Neural Networks from Overfitting},
   volume = {15},
   year = {2014},
}

@article{Abadi2016,
   author = {Martín Abadi and Paul Barham and Jianmin Chen and Zhifeng Chen and Andy Davis and Jeffrey Dean and Matthieu Devin and Sanjay Ghemawat and Geoffrey Irving and Michael Isard and Manjunath Kudlur and Josh Levenberg and Rajat Monga and Sherry Moore and Derek G. Murray and Benoit Steiner and Paul Tucker and Vijay Vasudevan and Pete Warden and Martin Wicke and Yuan Yu and Xiaoqiang Zheng},
   month = {5},
   title = {TensorFlow: A system for large-scale machine learning},
   url = {http://arxiv.org/abs/1605.08695},
   year = {2016},
}

@article{Ghosal_Edithal_Ekbal_Bhattacharyya_Chivukula_Tsatsaronis_2021, title={Is your document novel? Let attention guide you. An attention-based model for document-level novelty detection}, volume={27}, DOI={10.1017/S1351324920000194}, number={4}, journal={Natural Language Engineering}, author={Ghosal, Tirthankar and Edithal, Vignesh and Ekbal, Asif and Bhattacharyya, Pushpak and Chivukula, Srinivasa Satya Sameer Kumar and Tsatsaronis, George}, year={2021}, pages={427–454}}

@article{toda2019,
author = {Toda, Yosuke and Okura, Fumio},
year = {2019},
month = {03},
pages = {1-14},
title = {How Convolutional Neural Networks Diagnose Plant Disease},
volume = {2019},
journal = {Plant Phenomics},
doi = {10.34133/2019/9237136}
}


@ARTICLE{giseop,
  author={Kim, Giseop and Park, Byungjae and Kim, Ayoung},
  journal={IEEE Robotics and Automation Letters}, 
  title={1-Day Learning, 1-Year Localization: Long-Term LiDAR Localization Using Scan Context Image}, 
  year={2019},
  volume={4},
  number={2},
  pages={1948-1955},
  keywords={Three-dimensional displays;Training;Laser radar;Entropy;Databases;Robot localization;Localization;range sensing;SLAM},
  doi={10.1109/LRA.2019.2897340}}

@article{Kingma2014,
   author = {Diederik P. Kingma and Jimmy Ba},
   month = {12},
   title = {Adam: A Method for Stochastic Optimization},
   url = {http://arxiv.org/abs/1412.6980},
   year = {2014},
}

@online{Keras,
    title = {Keras},
    author = {François Chollet and et.al.},
    year = {28, 3, 2015},
    url = {https://github.com/keras-team/keras},
    urldate      = {9 4 2024}
}

@online{snfpy,
    title = {snfpy 0.2.2},
    author = {Markello, Ross},
    year = {3, March, 2020},
    url = {https://pypi.org/project/snfpy/},
    urldate      = {9 4 2024}
}