@article{wienkers2005predicting,
	title={Predicting in vivo drug interactions from in vitro drug discovery data},
	author={Wienkers, Larry C and Heath, Timothy G},
	journal={Nature reviews Drug discovery},
	volume={4},
	number={10},
	pages={825--833},
	year={2005},
	publisher={Nature Publishing Group}
}

@article{law2014drugbank,
	title={DrugBank 4.0: shedding new light on drug metabolism},
	author={Law, Vivian and Knox, Craig and Djoumbou, Yannick and Jewison, Tim and Guo, An Chi and Liu, Yifeng and Maciejewski, Adam and Arndt, David and Wilson, Michael and Neveu, Vanessa and others},
	journal={Nucleic acids research},
	volume={42},
	number={D1},
	pages={D1091--D1097},
	year={2014},
	publisher={Oxford University Press}
}

@article{leape1995systems,
	title={Systems analysis of adverse drug events},
	author={Leape, Lucian L and Bates, David W and Cullen, David J and Cooper, Jeffrey and Demonaco, Harold J and Gallivan, Theresa and Hallisey, Robert and Ives, Jeanette and Laird, Nan and Laffel, Glenn and others},
	journal={Jama},
	volume={274},
	number={1},
	pages={35--43},
	year={1995},
	publisher={American Medical Association}
}

@article{businaro2013we,
	title={Why we need an efficient and careful pharmacovigilance?},
	author={Businaro, Rita},
	journal={Journal of pharmacovigilance},
	year={2013},
	publisher={OMICS International}
}

@article{karbownik2017pharmacokinetic,
	title={Pharmacokinetic drug-drug interaction between erlotinib and paracetamol: a potential risk for clinical practice},
	author={Karbownik, Agnieszka and Sza{\l}ek, Edyta and Soba{\'n}ska, Katarzyna and Grabowski, Tomasz and Wolc, Anna and Grze{\'s}kowiak, Edmund},
	journal={European Journal of Pharmaceutical Sciences},
	volume={102},
	pages={55--62},
	year={2017},
	publisher={Elsevier}
}

@article{mulroy2017giant,
	title={Giant cell arteritis treatment failure resulting from probable steroid/antiepileptic drug-drug interaction},
	author={Mulroy, Eoin and Highton, John and Jordan, Sarah},
	journal={The New Zealand Medical Journal (Online)},
	volume={130},
	number={1450},
	pages={102},
	year={2017},
	publisher={New Zealand Medical Association (NZMA)}
}

@article{zhao2011prediction,
	title={Prediction of drug combinations by integrating molecular and pharmacological data},
	author={Zhao, Xing-Ming and Iskar, Murat and Zeller, Georg and Kuhn, Michael and Van Noort, Vera and Bork, Peer},
	journal={PLoS Comput Biol},
	volume={7},
	number={12},
	pages={e1002323},
	year={2011},
	publisher={Public Library of Science}
}

@article{veith2009comprehensive,
	title={Comprehensive characterization of cytochrome P450 isozyme selectivity across chemical libraries},
	author={Veith, Henrike and Southall, Noel and Huang, Ruili and James, Tim and Fayne, Darren and Artemenko, Natalia and Shen, Min and Inglese, James and Austin, Christopher P and Lloyd, David G and others},
	journal={Nature biotechnology},
	volume={27},
	number={11},
	pages={1050--1055},
	year={2009},
	publisher={Nature Publishing Group}
}

@article{huang2007drug,
	title={Drug interaction studies: study design, data analysis, and implications for dosing and labeling},
	author={Huang, S-M and Temple, R and Throckmorton, DC and Lesko, LJ},
	journal={Clinical Pharmacology \& Therapeutics},
	volume={81},
	number={2},
	pages={298--304},
	year={2007},
	publisher={Wiley Online Library}
}

@article{zhang2015label,
	title={Label propagation prediction of drug-drug interactions based on clinical side effects},
	author={Zhang, Ping and Wang, Fei and Hu, Jianying and Sorrentino, Robert},
	journal={Scientific reports},
	volume={5},
	number={1},
	pages={1--10},
	year={2015},
	publisher={Nature Publishing Group}
}

@article{wisniowska2016role,
	title={The role of interaction model in simulation of drug interactions and QT prolongation},
	author={Wi{\'s}niowska, Barbara and Polak, Sebastian},
	journal={Current pharmacology reports},
	volume={2},
	number={6},
	pages={339--344},
	year={2016},
	publisher={Springer}
}

@article{zhou2016simulation,
	title={Simulation and prediction of the drug-drug interaction potential of naloxegol by physiologically based pharmacokinetic modeling},
	author={Zhou, D and Bui, K and Sostek, M and Al-Huniti, N},
	journal={CPT: pharmacometrics \& systems pharmacology},
	volume={5},
	number={5},
	pages={250--257},
	year={2016},
	publisher={Wiley Online Library}
}

@article{bui2014novel,
	title={A novel feature-based approach to extract drug--drug interactions from biomedical text},
	author={Bui, Quoc-Chinh and Sloot, Peter MA and Van Mulligen, Erik M and Kors, Jan A},
	journal={Bioinformatics},
	volume={30},
	number={23},
	pages={3365--3371},
	year={2014},
	publisher={Oxford University Press}
}

@article{zhang2016leveraging,
	title={Leveraging syntactic and semantic graph kernels to extract pharmacokinetic drug drug interactions from biomedical literature},
	author={Zhang, Yaoyun and Wu, Heng-Yi and Xu, Jun and Wang, Jingqi and Soysal, Ergin and Li, Lang and Xu, Hua},
	journal={BMC systems biology},
	volume={10},
	number={3},
	pages={67},
	year={2016},
	publisher={Springer}
}

@article{yamanishi2008prediction,
	title={Prediction of drug--target interaction networks from the integration of chemical and genomic spaces},
	author={Yamanishi, Yoshihiro and Araki, Michihiro and Gutteridge, Alex and Honda, Wataru and Kanehisa, Minoru},
	journal={Bioinformatics},
	volume={24},
	number={13},
	pages={i232--i240},
	year={2008},
	publisher={Oxford University Press}
}

@article{vilar2014similarity,
	title={Similarity-based modeling in large-scale prediction of drug-drug interactions},
	author={Vilar, Santiago and Uriarte, Eugenio and Santana, Lourdes and Lorberbaum, Tal and Hripcsak, George and Friedman, Carol and Tatonetti, Nicholas P},
	journal={Nature protocols},
	volume={9},
	number={9},
	pages={2147},
	year={2014},
	publisher={Nature Publishing Group}
}

@article{cheng2014machine,
	title={Machine learning-based prediction of drug--drug interactions by integrating drug phenotypic, therapeutic, chemical, and genomic properties},
	author={Cheng, Feixiong and Zhao, Zhongming},
	journal={Journal of the American Medical Informatics Association},
	volume={21},
	number={e2},
	pages={e278--e286},
	year={2014},
	publisher={BMJ Publishing Group BMA House, Tavistock Square, London, WC1H 9JR}
}

@article{pahikkala2015toward,
	title={Toward more realistic drug--target interaction predictions},
	author={Pahikkala, Tapio and Airola, Antti and Pietil{\"a}, Sami and Shakyawar, Sushil and Szwajda, Agnieszka and Tang, Jing and Aittokallio, Tero},
	journal={Briefings in bioinformatics},
	volume={16},
	number={2},
	pages={325--337},
	year={2015},
	publisher={Oxford University Press}
}

@article{luo2014ddi,
	title={DDI-CPI, a server that predicts drug--drug interactions through implementing the chemical--protein interactome},
	author={Luo, Heng and Zhang, Ping and Huang, Hui and Huang, Jialiang and Kao, Emily and Shi, Leming and He, Lin and Yang, Lun},
	journal={Nucleic acids research},
	volume={42},
	number={W1},
	pages={W46--W52},
	year={2014},
	publisher={Oxford University Press}
}



@inproceedings{shi2017predicting,
	title={Predicting comprehensive drug-drug interactions for new drugs via triple matrix factorization},
	author={Shi, Jian-Yu and Huang, Hua and Li, Jia-Xin and Lei, Peng and Zhang, Yan-Ning and Yiu, Siu-Ming},
	booktitle={International Conference on Bioinformatics and Biomedical Engineering},
	pages={108--117},
	year={2017},
	organization={Springer}
}

@inproceedings{liu2016dependency,
	title={Dependency-based convolutional neural network for drug-drug interaction extraction},
	author={Liu, Shengyu and Chen, Kai and Chen, Qingcai and Tang, Buzhou},
	booktitle={2016 IEEE international conference on bioinformatics and biomedicine (BIBM)},
	pages={1074--1080},
	year={2016},
	organization={IEEE}
}

@article{ryu2018deep,
	title={Deep learning improves prediction of drug--drug and drug--food interactions},
	author={Ryu, Jae Yong and Kim, Hyun Uk and Lee, Sang Yup},
	journal={Proceedings of the National Academy of Sciences},
	volume={115},
	number={18},
	pages={E4304--E4311},
	year={2018},
	publisher={National Acad Sciences}
}

@article{koch1981serum,
	title={Serum drug concentrations in clinical perspective.},
	author={Koch-Weser, Jan},
	journal={Therapeutic drug monitoring},
	volume={3},
	number={1},
	pages={3--16},
	year={1981}
}

@article{yu2018predicting,
	title={Predicting and understanding comprehensive drug-drug interactions via semi-nonnegative matrix factorization},
	author={Yu, Hui and Mao, Kui-Tao and Shi, Jian-Yu and Huang, Hua and Chen, Zhi and Dong, Kai and Yiu, Siu-Ming},
	journal={BMC systems biology},
	volume={12},
	number={1},
	pages={14},
	year={2018},
	publisher={Springer}
}

@inproceedings{zhang2016drug,
	title={Drug side effect prediction through linear neighborhoods and multiple data source integration},
	author={Zhang, Wen and Chen, Yanlin and Tu, Shikui and Liu, Feng and Qu, Qianlong},
	booktitle={2016 IEEE international conference on bioinformatics and biomedicine (BIBM)},
	pages={427--434},
	year={2016},
	organization={IEEE}
}

@article{zhang2018manifold,
	title={Manifold regularized matrix factorization for drug-drug interaction prediction},
	author={Zhang, Wen and Chen, Yanlin and Li, Dingfang and Yue, Xiang},
	journal={Journal of biomedical informatics},
	volume={88},
	pages={90--97},
	year={2018},
	publisher={Elsevier}
}

@article{wang2014similarity,
	title={Similarity network fusion for aggregating data types on a genomic scale},
	author={Wang, Bo and Mezlini, Aziz M and Demir, Feyyaz and Fiume, Marc and Tu, Zhuowen and Brudno, Michael and Haibe-Kains, Benjamin and Goldenberg, Anna},
	journal={Nature methods},
	volume={11},
	number={3},
	pages={333},
	year={2014},
	publisher={Nature Publishing Group}
}

@article{olayan2018ddr,
	title={DDR: efficient computational method to predict drug--target interactions using graph mining and machine learning approaches},
	author={Olayan, Rawan S and Ashoor, Haitham and Bajic, Vladimir B},
	journal={Bioinformatics},
	volume={34},
	number={7},
	pages={1164--1173},
	year={2018},
	publisher={Oxford University Press}
}

@article{kim2016understanding,
	title={Understanding genotype-phenotype effects in cancer via network approaches},
	author={Kim, Yoo-Ah and Cho, Dong-Yeon and Przytycka, Teresa M},
	journal={PLoS computational biology},
	volume={12},
	number={3},
	pages={e1004747},
	year={2016},
	publisher={Public Library of Science San Francisco, CA USA}
}

@article{wang2016predicting,
	title={Predicting DNA methylation state of CpG dinucleotide using genome topological features and deep networks},
	author={Wang, Yiheng and Liu, Tong and Xu, Dong and Shi, Huidong and Zhang, Chaoyang and Mo, Yin-Yuan and Wang, Zheng},
	journal={Scientific reports},
	volume={6},
	pages={19598},
	year={2016},
	publisher={Nature Publishing Group}
}

@article{huang2009effect,
	title={Effect of long-term fertilization on organic carbon and nitrogen in a subtropical paddy soil},
	author={Huang, Qian-Ru and Hu, Feng and Huang, Shan and Li, Hui-Xin and Yuan, Ying-Hong and Pan, Gen-Xing and Zhang, Wei-Jian and others},
	journal={Pedosphere},
	volume={19},
	number={6},
	pages={727--734},
	year={2009},
	publisher={Science Press, P. O. Box 821 Nanjing 210008 People's People's Republic of China}
}

@article{fu2017deep,
	title={A deep ensemble model to predict miRNA-disease association},
	author={Fu, Laiyi and Peng, Qinke},
	journal={Scientific reports},
	volume={7},
	number={1},
	pages={1--13},
	year={2017},
	publisher={Nature Publishing Group}
}

@article{pan2016ipminer,
	title={IPMiner: hidden ncRNA-protein interaction sequential pattern mining with stacked autoencoder for accurate computational prediction},
	author={Pan, Xiaoyong and Fan, Yong-Xian and Yan, Junchi and Shen, Hong-Bin},
	journal={BMC genomics},
	volume={17},
	number={1},
	pages={582},
	year={2016},
	publisher={Springer}
}



@article{tian2017constructing,
	title={Constructing an integrated gene similarity network for the identification of disease genes},
	author={Tian, Zhen and Guo, Maozu and Wang, Chunyu and Xing, LinLin and Wang, Lei and Zhang, Yin},
	journal={Journal of biomedical semantics},
	volume={8},
	number={1},
	pages={32},
	year={2017},
	publisher={Springer}
}

@misc{SNFPy2020,
	author  = {{Ross Markello}},
	title = {snfpy 0.2.2},
	url = {https://pypi.org/project/snfpy/},
	year = {2018},
	urldate={Accessed 20 October 2020}
}

@inproceedings{abadi2016tensorflow,
	title={Tensorflow: A system for large-scale machine learning},
	author={Abadi, Mart{\'\i}n and Barham, Paul and Chen, Jianmin and Chen, Zhifeng and Davis, Andy and Dean, Jeffrey and Devin, Matthieu and Ghemawat, Sanjay and Irving, Geoffrey and Isard, Michael and others},
	booktitle={12th $\{$USENIX$\}$ Symposium on Operating Systems Design and Implementation ($\{$OSDI$\}$ 16)},
	pages={265--283},
	year={2016}
}

@online{chollet2015keras,
	title={Keras},
	author={Chollet, Francois and others},
	year={2015},
	publisher={GitHub},
	url={https://github.com/fchollet/keras},
}


@article{shi2019detecting,
	title={Detecting drug communities and predicting comprehensive drug--drug interactions via balance regularized semi-nonnegative matrix factorization},
	author={Shi, Jian-Yu and Mao, Kui-Tao and Yu, Hui and Yiu, Siu-Ming},
	journal={Journal of cheminformatics},
	volume={11},
	number={1},
	pages={1--16},
	year={2019},
	publisher={BioMed Central}
}



@article{shi2018tmfuf,
	title={TMFUF: a triple matrix factorization-based unified framework for predicting comprehensive drug-drug interactions of new drugs},
	author={Shi, Jian-Yu and Huang, Hua and Li, Jia-Xin and Lei, Peng and Zhang, Yan-Ning and Dong, Kai and Yiu, Siu-Ming},
	journal={BMC bioinformatics},
	volume={19},
	number={14},
	pages={27--37},
	year={2018},
	publisher={BioMed Central}
}

@inproceedings{nair2010rectified,
	title={Rectified linear units improve restricted boltzmann machines},
	author={Nair, Vinod and Hinton, Geoffrey E},
	booktitle={ICML},
	year={2010}
}


@article{hinton2012deep,
	title={Deep neural networks for acoustic modeling in speech recognition: The shared views of four research groups},
	author={Hinton, Geoffrey and Deng, Li and Yu, Dong and Dahl, George E and Mohamed, Abdel-rahman and Jaitly, Navdeep and Senior, Andrew and Vanhoucke, Vincent and Nguyen, Patrick and Sainath, Tara N and others},
	journal={IEEE Signal processing magazine},
	volume={29},
	number={6},
	pages={82--97},
	year={2012},
	publisher={IEEE}
}

@article{srivastava2014dropout,
	title={Dropout: a simple way to prevent neural networks from overfitting},
	author={Srivastava, Nitish and Hinton, Geoffrey and Krizhevsky, Alex and Sutskever, Ilya and Salakhutdinov, Ruslan},
	journal={The journal of machine learning research},
	volume={15},
	number={1},
	pages={1929--1958},
	year={2014},
	publisher={JMLR. org}
}

@article{ghosal1997your,
	title={Is Your Document Novel? Let Attention Guide You. An Attention Based Model For Document Level Novelty Detection},
	author={Ghosal, Tirthankar and Edithal, Vignesh and Ekbal, Asif and Bhattacharyya, Pushpak and Chivukula, Srinivasa Satya Sameer Kumar and Tsatsaronis, George},
	journal={Natural Language Engineering},
	volume={1},
	number={1},
	pages={1--38},
	year={1997},
	publisher={Cambridge University Press}
}

@article{toda2012research,
	title={Research Article How Convolutional Neural Networks Diagnose Plant Disease},
	author={Toda, Yosuke and Okura, Fumio},
	journal={Challenge (LSVRC)},
	pages={20},
	year={2012}
}

@article{seen20121,
	title={1-Day Learning, 1-Year Localization: Long-term LiDAR Localization using Scan Context Image},
	author={Seen, Seen},
	journal={Database},
	volume={2012},
	pages={01--15},
	year={2012}
}

@article{kingma2014adam,
	title={Adam: A method for stochastic optimization},
	author={Kingma, Diederik P and Ba, Jimmy},
	journal={arXiv preprint arXiv:1412.6980},
	year={2014}
}



@Article{article,
	author = "Author1 LastName1 and Author2 LastName2 and Author3 LastName3",
	title = "Article Title",
	volume = "30",
	number = "30",
	pages = "10127-10134",
	year = "2013",
	doi = "10.3389/fnins.2013.12345",
	URL = "http://www.frontiersin.org/Journal/10.3389/fnins.2013.12345/abstract",
	journal = "Frontiers in Neuroscience"
}

@book{book,
  author    = {Author Name}, 
  title     = {The title of the work},
  publisher = {The name of the publisher},
  address   = {The city},
  year      = 1993,
}

@incollection{chapter,
  author       = {Bauthor Surname}, 
  title        = {The title of the work},
  editor       = {Editor Name},
  booktitle    = {The title of the book},
  publisher    = {The name of the publisher},
  address      = {The city},
  year         = 2002,
  pages        = {201-213},
}

@InProceedings{conference,
  author = {Cauthor Name and Dauthor Surname and Fauthor LastName},
  title = {The title of the work},
  booktitle = {The title of the conference proceedings},
  year = 1996,
  publisher = {The name of the publisher},
  editor = {Editor Name1 and Editor Name2},
  pages = {41-50},
}

@book{cho,
  author       = {Gauthor Name1}, 
  title        = {The title of the work},
  publisher = {Country code and patent number},
  address      = {Patent Country},
  year = 2013
}

@book{patent,
  author    = {Hauthor Surname1}, 
  title     = {The title of the work},
  publisher = {Patent number},
  address   = {Patent country},
  year      = 2010,
}

% please use misc for datasets
@misc{dataset, 
	author = "Author1 LastName1 and Author2 LastName2 and Author3 LastName3",
	title = "Data Title",
	year = "2011",
	doi = "10.000/55555",
	URL = "http://www.frontiersin.org/",
}