\begin{english}

@book{Alberts2002,
	TITLE = {Molecular Biology of the Cell.},
	SUBTITLE = {4th edition},
	AUTHOR = {Bruce Alberts, Alexander Johnson, Julian Lewis, Martin Raff, Keith Roberts, and Peter Walter.},
	YEAR = {2002}, % I looked it up
	PUBLISHER = {New York: Garland Science;},
}
@article{Alberts98,
	author = {Alberts, Bruce and Dennis, Bray and Johnson, Alexander and Lewis, Julian and Raff, Martin and Robert, Keith and Walter, Peter and Roberts, Keith},
	year = {1998},
	month = {01},
	pages = {},
	title = {Essential Cell Biology: An Introduction to the Molecular Biology of the Cell}
}
@article{nelson2005principles,
	title={Principles of biochemistry},
	author={Nelson, David L and Cox, Michael M and Lehninger, Albert L},
	journal={WH Freeman and Company, New York, fourth edition edition},
	volume={1},
	number={1.1},
	pages={2},
	year={2005}
}

@article{chou2012iloc,
	title={iLoc-Hum: using the accumulation-label scale to predict subcellular locations of human proteins with both single and multiple sites},
	author={Chou, Kuo-Chen and Wu, Zhi-Cheng and Xiao, Xuan},
	journal={Molecular Biosystems},
	volume={8},
	number={2},
	pages={629--641},
	year={2012},
	publisher={Royal Society of Chemistry}
}

@article{szklarczyk2014string,
	title={STRING v10: protein--protein interaction networks, integrated over the tree of life},
	author={Szklarczyk, Damian and Franceschini, Andrea and Wyder, Stefan and Forslund, Kristoffer and Heller, Davide and Huerta-Cepas, Jaime and Simonovic, Milan and Roth, Alexander and Santos, Alberto and Tsafou, Kalliopi P and others},
	journal={Nucleic acids research},
	volume={43},
	number={D1},
	pages={D447--D452},
	year={2014},
	publisher={Oxford University Press}
}

@article{chou2007large,
	title={Large-scale plant protein subcellular location prediction},
	author={Chou, Kuo-Chen and Shen, Hong-Bin},
	journal={Journal of cellular biochemistry},
	volume={100},
	number={3},
	pages={665--678},
	year={2007},
	publisher={Wiley Online Library}
}
@article{chou2007recent,
	title={Recent progress in protein subcellular location prediction},
	author={Chou, Kuo-Chen and Shen, Hong-Bin},
	journal={Analytical Biochemistry},
	volume={1},
	number={370},
	pages={1--16},
	year={2007}
}
@article{yu2004predicting,
	title={Predicting subcellular localization of proteins for Gram-negative bacteria by support vector machines based on n-peptide compositions},
	author={Yu, Chin-Sheng and Lin, Chih-Jen and Hwang, Jenn-Kang},
	journal={Protein science},
	volume={13},
	number={5},
	pages={1402--1406},
	year={2004},
	publisher={Wiley Online Library}
}


@article{cai2002support,
	title={Support vector machines for prediction of protein subcellular location by incorporating quasi-sequence-order effect},
	author={Cai, Yu-Dong and Liu, Xiao-Jun and Xu, Xue-biao and Chou, Kuo-Chen},
	journal={Journal of cellular biochemistry},
	volume={84},
	number={2},
	pages={343--348},
	year={2002},
	publisher={Wiley Online Library}
}
@article{sarda2005pslip,
	title={pSLIP: SVM based protein subcellular localization prediction using multiple physicochemical properties},
	author={Sarda, Deepak and Chua, Gek Huey and Li, Kuo-Bin and Krishnan, Arun},
	journal={Bmc Bioinformatics},
	volume={6},
	number={1},
	pages={152},
	year={2005},
	publisher={BioMed Central}
}
@article{lee2008protein,
	title={Protein networks markedly improve prediction of subcellular localization in multiple eukaryotic species},
	author={Lee, KiYoung and Chuang, Han-Yu and Beyer, Andreas and Sung, Min-Kyung and Huh, Won-Ki and Lee, Bonghee and Ideker, Trey},
	journal={Nucleic acids research},
	volume={36},
	number={20},
	pages={e136--e136},
	year={2008},
	publisher={Oxford University Press}
}
@article{zakeri2011prediction,
	title={Prediction of protein submitochondria locations based on data fusion of various features of sequences},
	author={Zakeri, Pooya and Moshiri, Behzad and Sadeghi, Mehdi},
	journal={Journal of Theoretical Biology},
	volume={269},
	number={1},
	pages={208--216},
	year={2011},
	publisher={Elsevier}
}
@article{reinhardt1998using,
	title={Using neural networks for prediction of the subcellular location of proteins},
	author={Reinhardt, Astrid and Hubbard, Tim},
	journal={Nucleic acids research},
	volume={26},
	number={9},
	pages={2230--2236},
	year={1998},
	publisher={Oxford University Press}
}
@article{chou1998using,
	title={Using discriminant function for prediction of subcellular location of prokaryotic proteins},
	author={Chou, Kuo-Chen and Elrod, David W},
	journal={Biochemical and Biophysical Research Communications},
	volume={252},
	number={1},
	pages={63--68},
	year={1998},
	publisher={Elsevier}
}
@article{huang2004prediction,
	title={Prediction of protein subcellular locations using fuzzy k-NN method},
	author={Huang, Ying and Li, Yanda},
	journal={Bioinformatics},
	volume={20},
	number={1},
	pages={21--28},
	year={2004},
	publisher={Oxford University Press}
}
@article{garg2005support,
	title={Support vector machine-based method for subcellular localization of human proteins using amino acid compositions, their order, and similarity search},
	author={Garg, Aarti and Bhasin, Manoj and Raghava, Gajendra PS},
	journal={Journal of biological Chemistry},
	volume={280},
	number={15},
	pages={14427--14432},
	year={2005},
	publisher={ASBMB}
}
@article{guda2005target,
	title={TARGET: a new method for predicting protein subcellular localization in eukaryotes},
	author={Guda, Chittibabu and Subramaniam, Shankar},
	journal={Bioinformatics},
	volume={21},
	number={21},
	pages={3963--3969},
	year={2005},
	publisher={Oxford University Press}
}
@article{chou2003new,
	title={A new hybrid approach to predict subcellular localization of proteins by incorporating gene ontology},
	author={Chou, Kuo-Chen and Cai, Yu-Dong},
	journal={Biochemical and biophysical research communications},
	volume={311},
	number={3},
	pages={743--747},
	year={2003},
	publisher={Elsevier}
}
@article{ong2008automated,
	title={An automated combination of kernels for predicting protein subcellular localization},
	author={Ong, Cheng and Zien, Alexander},
	journal={Algorithms in Bioinformatics},
	pages={186--197},
	year={2008},
	publisher={Springer}
}
@article{shen2007hum,
	title={Hum-mPLoc: an ensemble classifier for large-scale human protein subcellular location prediction by incorporating samples with multiple sites},
	author={Shen, Hong-Bin and Chou, Kuo-Chen},
	journal={Biochemical and biophysical research communications},
	volume={355},
	number={4},
	pages={1006--1011},
	year={2007},
	publisher={Elsevier}
}
@article{binder2014compartments,
	title={COMPARTMENTS: unification and visualization of protein subcellular localization evidence},
	author={Binder, Janos X and Pletscher-Frankild, Sune and Tsafou, Kalliopi and Stolte, Christian and O’Donoghue, Se{\'a}n I and Schneider, Reinhard and Jensen, Lars Juhl},
	journal={Database},
	volume={2014},
	pages={bau012},
	year={2014},
	publisher={Oxford University Press}
}
@article{chou2002using,
	title={Using functional domain composition and support vector machines for prediction of protein subcellular location},
	author={Chou, Kuo-Chen and Cai, Yu-Dong},
	journal={Journal of biological chemistry},
	volume={277},
	number={48},
	pages={45765--45769},
	year={2002},
	publisher={ASBMB}
}
@article{yuan1999prediction,
	title={Prediction of protein subcellular locations using Markov chain models},
	author={Yuan, Zheng},
	journal={FEBS letters},
	volume={451},
	number={1},
	pages={23--26},
	year={1999},
	publisher={Wiley Online Library}
}
@article{su2007protein,
	title={Protein subcellular localization prediction based on compartment-specific features and structure conservation},
	author={Su, Emily Chia-Yu and Chiu, Hua-Sheng and Lo, Allan and Hwang, Jenn-Kang and Sung, Ting-Yi and Hsu, Wen-Lian},
	journal={BMC bioinformatics},
	volume={8},
	number={1},
	pages={330},
	year={2007},
	publisher={BioMed Central}
}
@article{zhou2017hum,
	title={Hum-mPLoc 3.0: prediction enhancement of human protein subcellular localization through modeling the hidden correlations of gene ontology and functional domain features},
	author={Zhou, Hang and Yang, Yang and Shen, Hong-Bin},
	journal={Bioinformatics},
	volume={33},
	number={6},
	pages={843--853},
	year={2017},
	publisher={Oxford University Press}
}
@article{briesemeister2010yloc,
	title={YLoc—an interpretable web server for predicting subcellular localization},
	author={Briesemeister, Sebastian and Rahnenf{\"\i}?` $1/2$hrer, J{\"\i}?` $1/2$rg and Kohlbacher, Oliver},
	journal={Nucleic acids research},
	volume={38},
	number={suppl\_2},
	pages={W497--W502},
	year={2010},
	publisher={Oxford University Press}
}
@article{binder2014compartments,
	title={COMPARTMENTS: unification and visualization of protein subcellular localization evidence},
	author={Binder, Janos X and Pletscher-Frankild, Sune and Tsafou, Kalliopi and Stolte, Christian and O’Donoghue, Se{\'a}n I and Schneider, Reinhard and Jensen, Lars Juhl},
	journal={Database},
	volume={2014},
	pages={bau012},
	year={2014},
	publisher={Oxford University Press}
}
@article{zdobnov2001interproscan,
	title={InterProScan--an integration platform for the signature-recognition methods in InterPro},
	author={Zdobnov, Evgeni M and Apweiler, Rolf},
	journal={Bioinformatics},
	volume={17},
	number={9},
	pages={847--848},
	year={2001},
	publisher={Oxford University Press}
}
@article{chou2003prediction,
	title={Prediction and classification of protein subcellular location—sequence-order effect and pseudo amino acid composition},
	author={Chou, Kuo-Chen and Cai, Yu-Dong},
	journal={Journal of cellular biochemistry},
	volume={90},
	number={6},
	pages={1250--1260},
	year={2003},
	publisher={Wiley Online Library}
}
@article{hall1999feature,
	title={Feature selection for discrete and numeric class machine learning},
	author={Hall, Mark A},
	year={1999},
	publisher={Computer Science, University of Waikato}
}
@book{witten2016data,
	title={Data Mining: Practical machine learning tools and techniques},
	author={Witten, Ian H and Frank, Eibe and Hall, Mark A and Pal, Christopher J},
	year={2016},
	publisher={Morgan Kaufmann}
}
@article{fayyad1993multi,
	title={Multi-interval discretization of continuous-valued attributes for classification learning},
	author={Fayyad, Usama and Irani, Keki},
	year={1993}
}
@article{briesemeister2010going,
	title={Going from where to why—interpretable prediction of protein subcellular localization},
	author={Briesemeister, Sebastian and Rahnenf{\"u}hrer, J{\"o}rg and Kohlbacher, Oliver},
	journal={Bioinformatics},
	volume={26},
	number={9},
	pages={1232--1238},
	year={2010},
	publisher={Oxford University Press}
}
@article{horton2007wolf,
	title={WoLF PSORT: protein localization predictor},
	author={Horton, Paul and Park, Keun-Joon and Obayashi, Takeshi and Fujita, Naoya and Harada, Hajime and Adams-Collier, CJ and Nakai, Kenta},
	journal={Nucleic acids research},
	volume={35},
	number={suppl\_2},
	pages={W585--W587},
	year={2007},
	publisher={Oxford University Press}
}
@article{bannai2002extensive,
	title={Extensive feature detection of N-terminal protein sorting signals},
	author={Bannai, Hideo and Tamada, Yoshinori and Maruyama, Osamu and Nakai, Kenta and Miyano, Satoru},
	journal={Bioinformatics},
	volume={18},
	number={2},
	pages={298--305},
	year={2002},
	publisher={Oxford University Press}
}
@article{gardy2003psort,
	title={PSORT-B: Improving protein subcellular localization prediction for Gram-negative bacteria},
	author={Gardy, Jennifer L and Spencer, Cory and Wang, Ke and Ester, Martin and Tusnady, Gabor E and Simon, Istv{\'a}n and Hua, Sujun and deFays, Katalin and Lambert, Christophe and Nakai, Kenta and others},
	journal={Nucleic acids research},
	volume={31},
	number={13},
	pages={3613--3617},
	year={2003},
	publisher={Oxford University Press}
}
@misc{nakai1999psort,
	title={PSORT: a program for detecting sorting signals in proteins and predicting their subcellular localization},
	author={Nakai, Kenta and Horton, Paul},
	year={1999},
	publisher={Elsevier Current Trends}
}
@article{shen2007hum,
	title={Hum-mPLoc: an ensemble classifier for large-scale human protein subcellular location prediction by incorporating samples with multiple sites},
	author={Shen, Hong-Bin and Chou, Kuo-Chen},
	journal={Biochemical and biophysical research communications},
	volume={355},
	number={4},
	pages={1006--1011},
	year={2007},
	publisher={Elsevier}
}
@article{altschul1997gapped,
	title={Gapped BLAST and PSI-BLAST: a new generation of protein database search programs},
	author={Altschul, Stephen F and Madden, Thomas L and Sch{\"a}ffer, Alejandro A and Zhang, Jinghui and Zhang, Zheng and Miller, Webb and Lipman, David J},
	journal={Nucleic acids research},
	volume={25},
	number={17},
	pages={3389--3402},
	year={1997},
	publisher={Oxford University Press}
}
@article{marchler2005cdd,
	title={CDD: a Conserved Domain Database for protein classification},
	author={Marchler-Bauer, Aron and Anderson, John B and Cherukuri, Praveen F and DeWeese-Scott, Carol and Geer, Lewis Y and Gwadz, Marc and He, Siqian and Hurwitz, David I and Jackson, John D and Ke, Zhaoxi and others},
	journal={Nucleic acids research},
	volume={33},
	number={suppl\_1},
	pages={D192--D196},
	year={2005},
	publisher={Oxford University Press}
}
@article{burges1998tutorial,
	title={A tutorial on support vector machines for pattern recognition},
	author={Burges, Christopher JC},
	journal={Data mining and knowledge discovery},
	volume={2},
	number={2},
	pages={121--167},
	year={1998},
	publisher={Springer}
}
@article{boeckmann2003swiss,
	title={The SWISS-PROT protein knowledgebase and its supplement TrEMBL in 2003},
	author={Boeckmann, Brigitte and Bairoch, Amos and Apweiler, Rolf and Blatter, Marie-Claude and Estreicher, Anne and Gasteiger, Elisabeth and Martin, Maria J and Michoud, Karine and O'donovan, Claire and Phan, Isabelle and others},
	journal={Nucleic acids research},
	volume={31},
	number={1},
	pages={365--370},
	year={2003},
	publisher={Oxford University Press}
}
@article{wang2003pisces,
	title={PISCES: a protein sequence culling server},
	author={Wang, Guoli and Dunbrack Jr, Roland L},
	journal={Bioinformatics},
	volume={19},
	number={12},
	pages={1589--1591},
	year={2003},
	publisher={Oxford University Press}
}
@article{ashburner2000gene,
	title={Gene Ontology: tool for the unification of biology},
	author={Ashburner, Michael and Ball, Catherine A and Blake, Judith A and Botstein, David and Butler, Heather and Cherry, J Michael and Davis, Allan P and Dolinski, Kara and Dwight, Selina S and Eppig, Janan T and others},
	journal={Nature genetics},
	volume={25},
	number={1},
	pages={25--29},
	year={2000},
	publisher={Nature Publishing Group}
}
@article{caniza2014gossto,
	title={GOssTo: a stand-alone application and a web tool for calculating semantic similarities on the Gene Ontology},
	author={Caniza, Horacio and Romero, Alfonso E and Heron, Samuel and Yang, Haixuan and Devoto, Alessandra and Frasca, Marco and Mesiti, Marco and Valentini, Giorgio and Paccanaro, Alberto},
	journal={Bioinformatics},
	volume={30},
	number={15},
	pages={2235--2236},
	year={2014},
	publisher={Oxford University Press}
}
@article{resnik1995using,
	title={Using information content to evaluate semantic similarity in a taxonomy},
	author={Resnik, Philip},
	journal={arXiv preprint cmp-lg/9511007},
	year={1995}
}
@article{szklarczyk2014string,
	title={STRING v10: protein--protein interaction networks, integrated over the tree of life},
	author={Szklarczyk, Damian and Franceschini, Andrea and Wyder, Stefan and Forslund, Kristoffer and Heller, Davide and Huerta-Cepas, Jaime and Simonovic, Milan and Roth, Alexander and Santos, Alberto and Tsafou, Kalliopi P and others},
	journal={Nucleic acids research},
	volume={43},
	number={D1},
	pages={D447--D452},
	year={2014},
	publisher={Oxford University Press}
}
@article{szklarczyk2010string,
	title={The STRING database in 2011: functional interaction networks of proteins, globally integrated and scored},
	author={Szklarczyk, Damian and Franceschini, Andrea and Kuhn, Michael and Simonovic, Milan and Roth, Alexander and Minguez, Pablo and Doerks, Tobias and Stark, Manuel and Muller, Jean and Bork, Peer and others},
	journal={Nucleic acids research},
	volume={39},
	number={suppl\_1},
	pages={D561--D568},
	year={2010},
	publisher={Oxford University Press}
}
@article{altschul1997gapped,
	title={Gapped BLAST and PSI-BLAST: a new generation of protein database search programs},
	author={Altschul, Stephen F and Madden, Thomas L and Sch{\"a}ffer, Alejandro A and Zhang, Jinghui and Zhang, Zheng and Miller, Webb and Lipman, David J},
	journal={Nucleic acids research},
	volume={25},
	number={17},
	pages={3389--3402},
	year={1997},
	publisher={Oxford University Press}
}
@article{HCI-009,
	url = {http://dx.doi.org/10.1561/1100000009},
	year = {2011},
	volume = {4},
	journal = {Foundations and Trends® in Human–Computer Interaction},
	title = {Collaborative Filtering Recommender Systems},
	doi = {10.1561/1100000009},
	issn = {1551-3955},
	number = {2},
	pages = {81-173},
	author = {Michael D. Ekstrand and John T. Riedl and Joseph A. Konstan}
}
@article{liu2016neighborhood,
	title={Neighborhood regularized logistic matrix factorization for drug-target interaction prediction},
	author={Liu, Yong and Wu, Min and Miao, Chunyan and Zhao, Peilin and Li, Xiao-Li},
	journal={PLoS computational biology},
	volume={12},
	number={2},
	pages={e1004760},
	year={2016},
	publisher={Public Library of Science}
}
@article{gonen2012predicting,
	title={Predicting drug--target interactions from chemical and genomic kernels using Bayesian matrix factorization},
	author={G{\"o}nen, Mehmet},
	journal={Bioinformatics},
	volume={28},
	number={18},
	pages={2304--2310},
	year={2012},
	publisher={Oxford University Press}
}
@inproceedings{mnih2008probabilistic,
	title={Probabilistic matrix factorization},
	author={Mnih, Andriy and Salakhutdinov, Ruslan R},
	booktitle={Advances in neural information processing systems},
	pages={1257--1264},
	year={2008}
}
@article{cobanoglu2013predicting,
	title={Predicting drug--target interactions using probabilistic matrix factorization},
	author={Cobanoglu, Murat Can and Liu, Chang and Hu, Feizhuo and Oltvai, Zoltán N and Bahar, Ivet},
	journal={Journal of chemical information and modeling},
	volume={53},
	number={12},
	pages={3399--3409},
	year={2013},
	publisher={ACS Publications}
}
@inproceedings{zheng2013collaborative,
	title={Collaborative matrix factorization with multiple similarities for predicting drug-target interactions},
	author={Zheng, Xiaodong and Ding, Hao and Mamitsuka, Hiroshi and Zhu, Shanfeng},
	booktitle={Proceedings of the 19th ACM SIGKDD international conference on Knowledge discovery and data mining},
	pages={1025--1033},
	year={2013},
	organization={ACM}
}
@article{duchi2011adaptive,
	title={Adaptive subgradient methods for online learning and stochastic optimization},
	author={Duchi, John and Hazan, Elad and Singer, Yoram},
	journal={Journal of Machine Learning Research},
	volume={12},
	number={Jul},
	pages={2121--2159},
	year={2011}
}

____________________________________________________________________________________________________________
\end{english}